Trade_Time,Price_USD,Volume_BTC,Symbol
2025-09-30 00:36:54.488,114258.5,0.002,BTCUSDT
2025-09-30 00:36:54.504,114258.4,0.015,BTCUSDT
2025-09-30 00:36:54.728,114258.4,0.021,BTCUSDT
2025-09-30 00:36:54.933,114258.4,0.052,BTCUSDT
2025-09-30 00:36:55.084,114258.4,0.003,BTCUSDT
2025-09-30 00:36:55.236,114258.4,0.004,BTCUSDT
2025-09-30 00:36:55.266,114258.4,0.008,BTCUSDT
2025-09-30 00:36:55.462,114258.4,0.001,BTCUSDT
2025-09-30 00:36:55.592,114258.4,0.004,BTCUSDT
2025-09-30 00:36:55.827,114258.5,0.088,BTCUSDT
2025-09-30 00:36:56.035,114258.4,0.008,BTCUSDT
2025-09-30 00:36:56.114,114258.4,0.003,BTCUSDT
2025-09-30 00:36:56.318,114258.5,1.125,BTCUSDT
2025-09-30 00:36:56.318,114258.5,0.001,BTCUSDT
2025-09-30 00:36:56.318,114258.5,0.1,BTCUSDT
2025-09-30 00:36:56.318,114258.5,0.18,BTCUSDT
2025-09-30 00:36:56.318,114258.5,0.344,BTCUSDT
2025-09-30 00:36:56.834,114258.4,0.002,BTCUSDT
2025-09-30 00:36:57.257,114258.4,0.01,BTCUSDT
2025-09-30 00:36:57.301,114258.4,0.002,BTCUSDT
2025-09-30 00:36:57.424,114258.4,0.005,BTCUSDT
2025-09-30 00:36:57.893,114258.4,0.014,BTCUSDT
2025-09-30 00:36:57.986,114258.5,0.056,BTCUSDT
2025-09-30 00:36:57.997,114258.5,0.002,BTCUSDT
2025-09-30 00:36:58.208,114258.5,0.001,BTCUSDT
2025-09-30 00:36:58.591,114258.4,0.005,BTCUSDT
2025-09-30 00:36:59.033,114258.5,0.004,BTCUSDT
2025-09-30 00:36:59.532,114258.4,0.004,BTCUSDT
2025-09-30 00:36:59.643,114258.4,0.006,BTCUSDT
2025-09-30 00:37:00.059,114258.4,0.071,BTCUSDT
2025-09-30 00:37:00.127,114258.4,0.01,BTCUSDT
2025-09-30 00:37:00.138,114258.4,0.003,BTCUSDT
2025-09-30 00:37:00.215,114258.4,0.01,BTCUSDT
2025-09-30 00:37:00.321,114258.4,0.003,BTCUSDT
2025-09-30 00:37:00.471,114258.4,0.002,BTCUSDT
2025-09-30 00:37:00.589,114258.4,0.001,BTCUSDT
2025-09-30 00:37:00.606,114258.4,0.001,BTCUSDT
2025-09-30 00:37:00.745,114258.4,0.004,BTCUSDT
2025-09-30 00:37:00.894,114258.5,0.011,BTCUSDT
2025-09-30 00:37:00.950,114258.4,0.001,BTCUSDT
2025-09-30 00:37:01.032,114258.4,0.008,BTCUSDT
2025-09-30 00:37:01.292,114258.4,0.065,BTCUSDT
2025-09-30 00:37:01.302,114258.4,0.003,BTCUSDT
2025-09-30 00:37:01.402,114258.4,0.001,BTCUSDT
2025-09-30 00:37:01.624,114258.4,0.039,BTCUSDT
2025-09-30 00:37:01.991,114258.4,0.022,BTCUSDT
2025-09-30 00:37:01.994,114258.5,0.007,BTCUSDT
2025-09-30 00:37:02.128,114258.4,0.08,BTCUSDT
2025-09-30 00:37:02.184,114258.4,0.185,BTCUSDT
2025-09-30 00:37:02.355,114258.4,0.005,BTCUSDT
2025-09-30 00:37:02.415,114258.4,0.269,BTCUSDT
2025-09-30 00:37:02.532,114258.4,0.039,BTCUSDT
2025-09-30 00:37:02.641,114258.5,0.022,BTCUSDT
2025-09-30 00:37:02.761,114258.5,0.003,BTCUSDT
2025-09-30 00:37:02.988,114258.4,0.021,BTCUSDT
2025-09-30 00:37:03.016,114258.4,0.001,BTCUSDT
2025-09-30 00:37:03.292,114258.4,0.013,BTCUSDT
2025-09-30 00:37:03.350,114258.4,0.003,BTCUSDT
2025-09-30 00:37:04.234,114258.4,0.571,BTCUSDT
2025-09-30 00:37:04.237,114258.4,0.4,BTCUSDT
2025-09-30 00:37:04.245,114258.4,0.186,BTCUSDT
2025-09-30 00:37:04.245,114258.4,0.198,BTCUSDT
2025-09-30 00:37:04.245,114258.4,0.211,BTCUSDT
2025-09-30 00:37:04.245,114258.4,0.001,BTCUSDT
2025-09-30 00:37:04.245,114258.4,0.001,BTCUSDT
2025-09-30 00:37:04.245,114258.4,0.001,BTCUSDT
2025-09-30 00:37:04.245,114258.4,0.001,BTCUSDT
2025-09-30 00:37:04.245,114258.4,0.001,BTCUSDT
2025-09-30 00:37:04.245,114258.4,0.001,BTCUSDT
2025-09-30 00:37:04.245,114258.4,0.001,BTCUSDT
2025-09-30 00:37:04.245,114258.4,0.001,BTCUSDT
2025-09-30 00:37:04.245,114258.4,0.001,BTCUSDT
2025-09-30 00:37:04.245,114258.4,0.001,BTCUSDT
2025-09-30 00:37:04.245,114258.4,0.001,BTCUSDT
2025-09-30 00:37:04.245,114258.4,0.001,BTCUSDT
2025-09-30 00:37:04.245,114258.4,0.001,BTCUSDT
2025-09-30 00:37:04.245,114258.4,0.001,BTCUSDT
2025-09-30 00:37:04.245,114258.4,0.001,BTCUSDT
2025-09-30 00:37:04.245,114258.4,0.022,BTCUSDT
2025-09-30 00:37:04.245,114258.4,0.001,BTCUSDT
2025-09-30 00:37:04.245,114258.4,0.001,BTCUSDT
2025-09-30 00:37:04.245,114258.4,0.001,BTCUSDT
2025-09-30 00:37:04.245,114258.4,0.004,BTCUSDT
2025-09-30 00:37:04.245,114258.4,0.01,BTCUSDT
2025-09-30 00:37:04.245,114258.4,0.163,BTCUSDT
2025-09-30 00:37:04.246,114258.4,0.012,BTCUSDT
2025-09-30 00:37:04.246,114258.4,0.001,BTCUSDT
2025-09-30 00:37:04.246,114258.4,0.1,BTCUSDT
2025-09-30 00:37:04.246,114258.4,0.001,BTCUSDT
2025-09-30 00:37:04.246,114258.4,0.1,BTCUSDT
2025-09-30 00:37:04.246,114258.4,0.007,BTCUSDT
2025-09-30 00:37:04.246,114258.4,0.046,BTCUSDT
2025-09-30 00:37:04.246,114258.4,0.091,BTCUSDT
2025-09-30 00:37:04.246,114258.4,0.003,BTCUSDT
2025-09-30 00:37:04.246,114258.4,0.076,BTCUSDT
2025-09-30 00:37:04.246,114258.4,0.001,BTCUSDT
2025-09-30 00:37:04.246,114258.4,0.039,BTCUSDT
2025-09-30 00:37:04.246,114258.4,0.005,BTCUSDT
2025-09-30 00:37:04.246,114258.4,0.002,BTCUSDT
2025-09-30 00:37:04.246,114258.4,0.002,BTCUSDT
2025-09-30 00:37:04.246,114258.4,0.002,BTCUSDT
2025-09-30 00:37:04.246,114258.3,0.005,BTCUSDT
2025-09-30 00:37:04.246,114258.3,0.001,BTCUSDT
2025-09-30 00:37:04.246,114258.3,0.002,BTCUSDT
2025-09-30 00:37:04.246,114258.3,0.001,BTCUSDT
2025-09-30 00:37:04.246,114258.3,0.002,BTCUSDT
2025-09-30 00:37:04.246,114258.3,0.002,BTCUSDT
2025-09-30 00:37:04.246,114258.2,0.002,BTCUSDT
2025-09-30 00:37:04.247,114257.7,0.001,BTCUSDT
2025-09-30 00:37:04.247,114257.6,0.24,BTCUSDT
2025-09-30 00:37:04.247,114257.5,0.002,BTCUSDT
2025-09-30 00:37:04.247,114257.5,0.002,BTCUSDT
2025-09-30 00:37:04.247,114257.3,0.008,BTCUSDT
2025-09-30 00:37:04.247,114256.9,0.002,BTCUSDT
2025-09-30 00:37:04.247,114256.8,0.001,BTCUSDT
2025-09-30 00:37:04.247,114256.7,0.013,BTCUSDT
2025-09-30 00:37:04.247,114256.7,0.001,BTCUSDT
2025-09-30 00:37:04.247,114256.4,0.004,BTCUSDT
2025-09-30 00:37:04.247,114256.4,0.004,BTCUSDT
2025-09-30 00:37:04.247,114256.4,0.004,BTCUSDT
2025-09-30 00:37:04.247,114256.4,0.003,BTCUSDT
2025-09-30 00:37:04.247,114256.3,0.005,BTCUSDT
2025-09-30 00:37:04.247,114256.2,0.002,BTCUSDT
2025-09-30 00:37:04.247,114256.2,0.002,BTCUSDT
2025-09-30 00:37:04.248,114255.9,0.001,BTCUSDT
2025-09-30 00:37:04.248,114255.9,0.001,BTCUSDT
2025-09-30 00:37:04.248,114255.8,0.204,BTCUSDT
2025-09-30 00:37:04.259,114255.8,0.061,BTCUSDT
2025-09-30 00:37:04.266,114255.8,0.001,BTCUSDT
2025-09-30 00:37:04.266,114255.8,0.001,BTCUSDT
2025-09-30 00:37:04.266,114255.8,0.001,BTCUSDT
2025-09-30 00:37:04.266,114255.8,0.001,BTCUSDT
2025-09-30 00:37:04.266,114255.8,0.001,BTCUSDT
2025-09-30 00:37:04.266,114255.8,0.001,BTCUSDT
2025-09-30 00:37:04.266,114255.8,0.001,BTCUSDT
2025-09-30 00:37:04.266,114255.8,0.002,BTCUSDT
2025-09-30 00:37:04.266,114255.7,0.001,BTCUSDT
2025-09-30 00:37:04.266,114255.7,0.001,BTCUSDT
2025-09-30 00:37:04.266,114255.5,0.002,BTCUSDT
2025-09-30 00:37:04.274,114255.1,0.001,BTCUSDT
2025-09-30 00:37:04.274,114255.1,0.001,BTCUSDT
2025-09-30 00:37:04.274,114254.9,0.001,BTCUSDT
2025-09-30 00:37:04.274,114254.7,0.002,BTCUSDT
2025-09-30 00:37:04.274,114254.4,0.002,BTCUSDT
2025-09-30 00:37:04.274,114254.4,0.002,BTCUSDT
2025-09-30 00:37:04.274,114254.4,0.004,BTCUSDT
2025-09-30 00:37:04.274,114254.4,0.002,BTCUSDT
2025-09-30 00:37:04.274,114254.4,0.003,BTCUSDT
2025-09-30 00:37:04.274,114254.4,0.008,BTCUSDT
2025-09-30 00:37:04.274,114254.3,0.002,BTCUSDT
2025-09-30 00:37:04.274,114254.3,0.002,BTCUSDT
2025-09-30 00:37:04.275,114254.0,0.002,BTCUSDT
2025-09-30 00:37:04.275,114254.0,0.001,BTCUSDT
2025-09-30 00:37:04.275,114253.7,0.003,BTCUSDT
2025-09-30 00:37:04.275,114253.6,0.003,BTCUSDT
2025-09-30 00:37:04.275,114253.5,0.003,BTCUSDT
2025-09-30 00:37:04.275,114253.4,0.002,BTCUSDT
2025-09-30 00:37:04.275,114253.4,0.003,BTCUSDT
2025-09-30 00:37:04.275,114253.3,0.003,BTCUSDT
2025-09-30 00:37:04.275,114253.2,0.001,BTCUSDT
2025-09-30 00:37:04.275,114253.2,0.005,BTCUSDT
2025-09-30 00:37:04.275,114253.2,0.002,BTCUSDT
2025-09-30 00:37:04.275,114253.2,0.003,BTCUSDT
2025-09-30 00:37:04.275,114253.2,0.002,BTCUSDT
2025-09-30 00:37:04.275,114253.1,0.003,BTCUSDT
2025-09-30 00:37:04.275,114252.9,0.002,BTCUSDT
2025-09-30 00:37:04.275,114252.9,0.003,BTCUSDT
2025-09-30 00:37:04.275,114252.8,0.002,BTCUSDT
2025-09-30 00:37:04.275,114252.8,0.003,BTCUSDT
2025-09-30 00:37:04.275,114252.7,0.002,BTCUSDT
2025-09-30 00:37:04.275,114252.7,0.001,BTCUSDT
2025-09-30 00:37:04.275,114252.7,0.001,BTCUSDT
2025-09-30 00:37:04.275,114252.7,0.003,BTCUSDT
2025-09-30 00:37:04.291,114252.6,0.001,BTCUSDT
2025-09-30 00:37:04.291,114252.6,0.001,BTCUSDT
2025-09-30 00:37:04.291,114252.6,0.001,BTCUSDT
2025-09-30 00:37:04.291,114252.6,0.001,BTCUSDT
2025-09-30 00:37:04.291,114252.6,0.001,BTCUSDT
2025-09-30 00:37:04.332,114252.6,0.001,BTCUSDT
2025-09-30 00:37:04.332,114252.6,0.012,BTCUSDT
2025-09-30 00:37:04.332,114252.6,0.002,BTCUSDT
2025-09-30 00:37:04.332,114252.6,0.001,BTCUSDT
2025-09-30 00:37:04.332,114252.6,0.001,BTCUSDT
2025-09-30 00:37:04.332,114252.5,0.001,BTCUSDT
2025-09-30 00:37:04.332,114252.3,0.001,BTCUSDT
2025-09-30 00:37:04.332,114252.3,0.001,BTCUSDT
2025-09-30 00:37:04.332,114252.0,0.002,BTCUSDT
2025-09-30 00:37:04.332,114252.0,0.002,BTCUSDT
2025-09-30 00:37:04.332,114251.9,0.002,BTCUSDT
2025-09-30 00:37:04.332,114251.5,0.001,BTCUSDT
2025-09-30 00:37:04.332,114251.3,0.002,BTCUSDT
2025-09-30 00:37:04.332,114251.0,0.002,BTCUSDT
2025-09-30 00:37:04.332,114250.9,0.002,BTCUSDT
2025-09-30 00:37:04.332,114250.8,0.002,BTCUSDT
2025-09-30 00:37:04.332,114250.7,0.002,BTCUSDT
2025-09-30 00:37:04.332,114250.1,0.002,BTCUSDT
2025-09-30 00:37:04.332,114250.1,0.002,BTCUSDT
2025-09-30 00:37:04.430,114250.0,0.018,BTCUSDT
2025-09-30 00:37:04.430,114250.0,0.001,BTCUSDT
2025-09-30 00:37:04.430,114250.0,0.001,BTCUSDT
2025-09-30 00:37:04.430,114250.0,0.016,BTCUSDT
2025-09-30 00:37:04.430,114250.0,0.381,BTCUSDT
2025-09-30 00:37:04.430,114250.0,0.002,BTCUSDT
2025-09-30 00:37:04.430,114249.9,0.002,BTCUSDT
2025-09-30 00:37:04.430,114249.9,0.001,BTCUSDT
2025-09-30 00:37:04.430,114249.9,0.002,BTCUSDT
2025-09-30 00:37:04.430,114249.9,0.001,BTCUSDT
2025-09-30 00:37:04.430,114249.7,0.002,BTCUSDT
2025-09-30 00:37:04.430,114249.3,0.002,BTCUSDT
2025-09-30 00:37:04.430,114249.3,0.001,BTCUSDT
2025-09-30 00:37:04.430,114249.3,0.002,BTCUSDT
2025-09-30 00:37:04.430,114249.2,0.002,BTCUSDT
2025-09-30 00:37:04.430,114248.9,0.001,BTCUSDT
2025-09-30 00:37:04.430,114248.6,0.002,BTCUSDT
2025-09-30 00:37:04.430,114248.6,0.001,BTCUSDT
2025-09-30 00:37:04.632,114248.5,0.002,BTCUSDT
2025-09-30 00:37:05.067,114248.5,0.003,BTCUSDT
2025-09-30 00:37:05.181,114248.5,0.001,BTCUSDT
2025-09-30 00:37:05.226,114248.5,0.01,BTCUSDT
2025-09-30 00:37:05.328,114248.6,0.001,BTCUSDT
2025-09-30 00:37:05.328,114248.6,0.001,BTCUSDT
2025-09-30 00:37:05.328,114248.6,0.001,BTCUSDT
2025-09-30 00:37:05.328,114248.6,0.003,BTCUSDT
2025-09-30 00:37:05.328,114248.6,0.001,BTCUSDT
2025-09-30 00:37:05.328,114248.6,0.001,BTCUSDT
2025-09-30 00:37:05.423,114248.6,0.008,BTCUSDT
2025-09-30 00:37:05.468,114248.5,0.001,BTCUSDT
2025-09-30 00:37:05.531,114248.5,0.01,BTCUSDT
2025-09-30 00:37:05.536,114248.6,0.005,BTCUSDT
2025-09-30 00:37:05.536,114248.6,0.001,BTCUSDT
2025-09-30 00:37:05.536,114248.6,0.002,BTCUSDT
2025-09-30 00:37:05.588,114248.6,0.003,BTCUSDT
2025-09-30 00:37:05.588,114248.6,0.001,BTCUSDT
2025-09-30 00:37:05.588,114248.6,0.001,BTCUSDT
2025-09-30 00:37:05.588,114248.6,0.017,BTCUSDT
2025-09-30 00:37:05.588,114248.6,0.008,BTCUSDT
2025-09-30 00:37:05.588,114248.6,0.009,BTCUSDT
2025-09-30 00:37:05.588,114248.6,0.001,BTCUSDT
2025-09-30 00:37:05.588,114248.6,0.001,BTCUSDT
2025-09-30 00:37:05.588,114248.6,0.061,BTCUSDT
2025-09-30 00:37:05.588,114248.6,0.006,BTCUSDT
2025-09-30 00:37:05.588,114248.6,0.288,BTCUSDT
2025-09-30 00:37:05.588,114248.6,0.008,BTCUSDT
2025-09-30 00:37:05.588,114248.6,0.003,BTCUSDT
2025-09-30 00:37:05.588,114248.6,0.004,BTCUSDT
2025-09-30 00:37:05.588,114248.6,0.002,BTCUSDT
2025-09-30 00:37:05.588,114248.6,0.001,BTCUSDT
2025-09-30 00:37:05.588,114248.6,0.001,BTCUSDT
2025-09-30 00:37:05.588,114248.6,0.16,BTCUSDT
2025-09-30 00:37:05.588,114248.6,0.111,BTCUSDT
2025-09-30 00:37:05.588,114248.6,0.006,BTCUSDT
2025-09-30 00:37:05.589,114248.7,0.001,BTCUSDT
2025-09-30 00:37:05.589,114248.7,0.001,BTCUSDT
2025-09-30 00:37:05.589,114248.7,0.001,BTCUSDT
2025-09-30 00:37:05.589,114248.7,0.002,BTCUSDT
2025-09-30 00:37:05.589,114250.0,0.001,BTCUSDT
2025-09-30 00:37:05.589,114250.1,0.006,BTCUSDT
2025-09-30 00:37:05.589,114251.4,0.002,BTCUSDT
2025-09-30 00:37:05.589,114251.4,0.001,BTCUSDT
2025-09-30 00:37:05.589,114251.5,0.452,BTCUSDT
2025-09-30 00:37:05.590,114251.5,0.5,BTCUSDT
2025-09-30 00:37:05.590,114252.2,0.003,BTCUSDT
2025-09-30 00:37:05.590,114252.3,0.001,BTCUSDT
2025-09-30 00:37:05.590,114252.4,0.001,BTCUSDT
2025-09-30 00:37:05.590,114252.6,0.065,BTCUSDT
2025-09-30 00:37:05.590,114252.7,0.066,BTCUSDT
2025-09-30 00:37:05.590,114252.7,0.006,BTCUSDT
2025-09-30 00:37:05.590,114252.9,0.002,BTCUSDT
2025-09-30 00:37:05.593,114253.2,0.001,BTCUSDT
2025-09-30 00:37:05.596,114253.6,0.002,BTCUSDT
2025-09-30 00:37:05.596,114253.6,0.001,BTCUSDT
2025-09-30 00:37:05.596,114253.6,0.001,BTCUSDT
2025-09-30 00:37:05.607,114253.6,0.004,BTCUSDT
2025-09-30 00:37:05.650,114253.7,0.001,BTCUSDT
2025-09-30 00:37:05.650,114253.7,0.001,BTCUSDT
2025-09-30 00:37:05.650,114253.7,0.001,BTCUSDT
2025-09-30 00:37:05.650,114253.7,0.001,BTCUSDT
2025-09-30 00:37:05.650,114253.7,0.001,BTCUSDT
2025-09-30 00:37:05.650,114253.7,0.001,BTCUSDT
2025-09-30 00:37:05.650,114253.7,0.001,BTCUSDT
2025-09-30 00:37:05.650,114253.7,0.001,BTCUSDT
2025-09-30 00:37:05.650,114253.7,0.001,BTCUSDT
2025-09-30 00:37:05.650,114253.7,0.002,BTCUSDT
2025-09-30 00:37:05.650,114253.7,0.004,BTCUSDT
2025-09-30 00:37:05.650,114253.7,0.007,BTCUSDT
2025-09-30 00:37:05.706,114253.7,0.008,BTCUSDT
2025-09-30 00:37:05.708,114253.7,0.012,BTCUSDT
2025-09-30 00:37:05.708,114253.7,0.006,BTCUSDT
2025-09-30 00:37:05.708,114253.7,0.002,BTCUSDT
2025-09-30 00:37:05.708,114253.8,0.001,BTCUSDT
2025-09-30 00:37:05.708,114253.8,0.001,BTCUSDT
2025-09-30 00:37:05.708,114254.3,0.002,BTCUSDT
2025-09-30 00:37:05.708,114254.4,0.002,BTCUSDT
2025-09-30 00:37:05.708,114255.1,0.002,BTCUSDT
2025-09-30 00:37:05.708,114255.2,0.077,BTCUSDT
2025-09-30 00:37:05.708,114255.3,0.002,BTCUSDT
2025-09-30 00:37:05.708,114255.7,0.002,BTCUSDT
2025-09-30 00:37:05.708,114255.7,0.001,BTCUSDT
2025-09-30 00:37:05.708,114255.9,0.001,BTCUSDT
2025-09-30 00:37:05.708,114255.9,0.001,BTCUSDT
2025-09-30 00:37:05.708,114256.6,0.002,BTCUSDT
2025-09-30 00:37:05.708,114256.7,0.005,BTCUSDT
2025-09-30 00:37:05.712,114257.2,0.002,BTCUSDT
2025-09-30 00:37:05.712,114257.2,0.001,BTCUSDT
2025-09-30 00:37:05.712,114257.2,0.001,BTCUSDT
2025-09-30 00:37:05.712,114257.2,0.001,BTCUSDT
2025-09-30 00:37:05.715,114257.8,0.002,BTCUSDT
2025-09-30 00:37:05.715,114257.8,0.001,BTCUSDT
2025-09-30 00:37:05.715,114257.8,0.005,BTCUSDT
2025-09-30 00:37:05.716,114257.8,0.011,BTCUSDT
2025-09-30 00:37:05.719,114257.8,0.011,BTCUSDT
2025-09-30 00:37:05.800,114257.8,0.001,BTCUSDT
2025-09-30 00:37:05.800,114257.8,0.001,BTCUSDT
2025-09-30 00:37:05.800,114257.8,0.002,BTCUSDT
2025-09-30 00:37:05.800,114257.8,0.001,BTCUSDT
2025-09-30 00:37:05.800,114257.9,0.001,BTCUSDT
2025-09-30 00:37:05.800,114257.9,0.001,BTCUSDT
2025-09-30 00:37:05.800,114257.9,0.001,BTCUSDT
2025-09-30 00:37:05.800,114258.4,0.001,BTCUSDT
2025-09-30 00:37:05.923,114258.4,0.013,BTCUSDT
2025-09-30 00:37:05.970,114258.5,0.001,BTCUSDT
2025-09-30 00:37:06.000,114258.4,0.033,BTCUSDT
2025-09-30 00:37:06.035,114258.4,0.008,BTCUSDT
2025-09-30 00:37:06.114,114258.4,0.003,BTCUSDT
2025-09-30 00:37:06.123,114258.4,0.017,BTCUSDT
2025-09-30 00:37:06.421,114258.5,0.017,BTCUSDT
2025-09-30 00:37:06.421,114258.5,0.003,BTCUSDT
2025-09-30 00:37:06.421,114258.5,0.002,BTCUSDT
2025-09-30 00:37:06.421,114258.5,0.005,BTCUSDT
2025-09-30 00:37:06.421,114258.5,0.023,BTCUSDT
2025-09-30 00:37:06.421,114258.5,0.009,BTCUSDT
2025-09-30 00:37:06.444,114258.5,0.01,BTCUSDT
2025-09-30 00:37:06.449,114258.5,0.018,BTCUSDT
2025-09-30 00:37:06.510,114258.5,0.008,BTCUSDT
2025-09-30 00:37:06.515,114258.5,0.093,BTCUSDT
2025-09-30 00:37:06.515,114258.5,0.001,BTCUSDT
2025-09-30 00:37:06.515,114258.5,0.001,BTCUSDT
2025-09-30 00:37:06.515,114258.5,0.009,BTCUSDT
2025-09-30 00:37:06.515,114258.5,1.043,BTCUSDT
2025-09-30 00:37:06.515,114258.5,0.013,BTCUSDT
2025-09-30 00:37:06.515,114258.5,0.002,BTCUSDT
2025-09-30 00:37:06.515,114258.5,0.003,BTCUSDT
2025-09-30 00:37:06.515,114258.5,0.002,BTCUSDT
2025-09-30 00:37:06.515,114258.5,0.001,BTCUSDT
2025-09-30 00:37:06.515,114258.5,0.001,BTCUSDT
2025-09-30 00:37:06.515,114258.5,0.001,BTCUSDT
2025-09-30 00:37:06.515,114258.5,0.002,BTCUSDT
2025-09-30 00:37:06.515,114258.5,0.001,BTCUSDT
2025-09-30 00:37:06.515,114258.5,0.004,BTCUSDT
2025-09-30 00:37:06.515,114258.5,0.039,BTCUSDT
2025-09-30 00:37:06.515,114258.5,0.001,BTCUSDT
2025-09-30 00:37:06.515,114258.5,0.002,BTCUSDT
2025-09-30 00:37:06.515,114258.5,0.006,BTCUSDT
2025-09-30 00:37:06.515,114258.5,0.011,BTCUSDT
2025-09-30 00:37:06.517,114258.6,0.002,BTCUSDT
2025-09-30 00:37:06.517,114258.6,0.001,BTCUSDT
2025-09-30 00:37:06.517,114258.6,0.001,BTCUSDT
2025-09-30 00:37:06.517,114258.8,0.002,BTCUSDT
2025-09-30 00:37:06.517,114258.8,0.002,BTCUSDT
2025-09-30 00:37:06.517,114259.1,0.001,BTCUSDT
2025-09-30 00:37:06.517,114259.2,0.002,BTCUSDT
2025-09-30 00:37:06.517,114259.2,0.001,BTCUSDT
2025-09-30 00:37:06.517,114259.8,0.002,BTCUSDT
2025-09-30 00:37:06.517,114259.9,0.002,BTCUSDT
2025-09-30 00:37:06.517,114259.9,0.002,BTCUSDT
2025-09-30 00:37:06.517,114260.0,0.001,BTCUSDT
2025-09-30 00:37:06.517,114260.5,0.001,BTCUSDT
2025-09-30 00:37:06.517,114260.6,0.002,BTCUSDT
2025-09-30 00:37:06.517,114260.8,0.001,BTCUSDT
2025-09-30 00:37:06.517,114261.1,0.002,BTCUSDT
2025-09-30 00:37:06.517,114261.1,0.002,BTCUSDT
2025-09-30 00:37:06.517,114261.2,0.002,BTCUSDT
2025-09-30 00:37:06.517,114261.3,0.002,BTCUSDT
2025-09-30 00:37:06.517,114261.8,0.002,BTCUSDT
2025-09-30 00:37:06.517,114261.9,0.001,BTCUSDT
2025-09-30 00:37:06.517,114262.1,0.015,BTCUSDT
2025-09-30 00:37:06.517,114262.2,0.002,BTCUSDT
2025-09-30 00:37:06.517,114262.2,0.002,BTCUSDT
2025-09-30 00:37:06.518,114262.4,0.002,BTCUSDT
2025-09-30 00:37:06.518,114262.4,0.001,BTCUSDT
2025-09-30 00:37:06.518,114262.4,0.005,BTCUSDT
2025-09-30 00:37:06.518,114262.5,0.001,BTCUSDT
2025-09-30 00:37:06.518,114262.5,0.087,BTCUSDT
2025-09-30 00:37:06.518,114263.0,0.002,BTCUSDT
2025-09-30 00:37:06.518,114263.4,0.002,BTCUSDT
2025-09-30 00:37:06.518,114263.4,0.002,BTCUSDT
2025-09-30 00:37:06.518,114263.5,0.001,BTCUSDT
2025-09-30 00:37:06.561,114263.6,0.002,BTCUSDT
2025-09-30 00:37:06.561,114263.6,0.002,BTCUSDT
2025-09-30 00:37:06.605,114263.6,0.001,BTCUSDT
2025-09-30 00:37:06.605,114263.6,0.001,BTCUSDT
2025-09-30 00:37:06.605,114263.6,0.001,BTCUSDT
2025-09-30 00:37:06.605,114263.6,0.001,BTCUSDT
2025-09-30 00:37:06.605,114263.6,0.001,BTCUSDT
2025-09-30 00:37:06.605,114263.6,0.006,BTCUSDT
2025-09-30 00:37:06.605,114263.6,0.002,BTCUSDT
2025-09-30 00:37:06.605,114263.6,0.009,BTCUSDT
2025-09-30 00:37:06.605,114263.7,0.001,BTCUSDT
2025-09-30 00:37:06.605,114263.7,0.001,BTCUSDT
2025-09-30 00:37:06.605,114264.0,0.001,BTCUSDT
2025-09-30 00:37:06.605,114264.2,0.002,BTCUSDT
2025-09-30 00:37:06.618,114264.4,0.02,BTCUSDT
2025-09-30 00:37:06.619,114264.4,0.057,BTCUSDT
2025-09-30 00:37:06.619,114264.4,0.006,BTCUSDT
2025-09-30 00:37:06.619,114264.4,0.002,BTCUSDT
2025-09-30 00:37:06.619,114264.4,0.001,BTCUSDT
2025-09-30 00:37:06.619,114264.5,0.002,BTCUSDT
2025-09-30 00:37:06.619,114264.5,0.002,BTCUSDT
2025-09-30 00:37:06.619,114264.5,0.001,BTCUSDT
2025-09-30 00:37:06.619,114264.5,0.001,BTCUSDT
2025-09-30 00:37:06.619,114264.9,0.002,BTCUSDT
2025-09-30 00:37:06.619,114265.6,0.002,BTCUSDT
2025-09-30 00:37:06.619,114265.6,0.002,BTCUSDT
2025-09-30 00:37:06.619,114265.7,0.002,BTCUSDT
2025-09-30 00:37:06.619,114265.8,0.001,BTCUSDT
2025-09-30 00:37:06.619,114265.8,0.001,BTCUSDT
2025-09-30 00:37:06.619,114265.8,0.034,BTCUSDT
2025-09-30 00:37:06.619,114266.2,0.043,BTCUSDT
2025-09-30 00:37:06.619,114266.3,0.002,BTCUSDT
2025-09-30 00:37:06.619,114266.4,0.001,BTCUSDT
2025-09-30 00:37:06.619,114266.5,0.032,BTCUSDT
2025-09-30 00:37:06.619,114266.5,0.194,BTCUSDT
2025-09-30 00:37:06.699,114266.5,0.002,BTCUSDT
2025-09-30 00:37:06.699,114266.5,0.001,BTCUSDT
2025-09-30 00:37:06.699,114266.5,0.001,BTCUSDT
2025-09-30 00:37:06.699,114266.5,0.002,BTCUSDT
2025-09-30 00:37:06.699,114266.5,0.009,BTCUSDT
2025-09-30 00:37:06.699,114266.6,0.001,BTCUSDT
2025-09-30 00:37:06.699,114266.6,0.001,BTCUSDT
2025-09-30 00:37:06.699,114266.7,0.001,BTCUSDT
2025-09-30 00:37:06.699,114266.8,0.002,BTCUSDT
2025-09-30 00:37:06.699,114266.8,0.002,BTCUSDT
2025-09-30 00:37:06.699,114267.2,0.002,BTCUSDT
2025-09-30 00:37:06.699,114267.7,0.002,BTCUSDT
2025-09-30 00:37:06.699,114267.7,0.002,BTCUSDT
2025-09-30 00:37:06.699,114267.8,0.002,BTCUSDT
2025-09-30 00:37:06.699,114267.9,0.002,BTCUSDT
2025-09-30 00:37:06.699,114268.4,0.002,BTCUSDT
2025-09-30 00:37:06.699,114268.7,0.002,BTCUSDT
2025-09-30 00:37:06.699,114268.7,0.002,BTCUSDT
2025-09-30 00:37:06.699,114269.0,0.002,BTCUSDT
2025-09-30 00:37:06.699,114269.1,0.001,BTCUSDT
2025-09-30 00:37:06.699,114269.1,0.002,BTCUSDT
2025-09-30 00:37:06.699,114269.2,0.001,BTCUSDT
2025-09-30 00:37:06.699,114269.2,0.001,BTCUSDT
2025-09-30 00:37:06.862,114269.3,0.022,BTCUSDT
2025-09-30 00:37:06.972,114269.4,0.033,BTCUSDT
2025-09-30 00:37:07.591,114269.4,0.143,BTCUSDT
2025-09-30 00:37:07.591,114269.4,0.001,BTCUSDT
2025-09-30 00:37:07.591,114269.4,0.001,BTCUSDT
2025-09-30 00:37:07.591,114269.4,0.151,BTCUSDT
2025-09-30 00:37:07.591,114269.4,0.127,BTCUSDT
2025-09-30 00:37:07.967,114269.4,0.023,BTCUSDT
2025-09-30 00:37:07.967,114269.4,0.01,BTCUSDT
